@article{dccp,
  title={Datagram congestion control protocol (DCCP)},
  author={Floyd, Sally and Handley, Mark and Kohler, Eddie},
  year={2006}
}

@misc{libraptorq,
  title = "RaptorQ RFC6330 C++11 implementation",
  note  = {\url{http://github.com/LucaFulchir/libRaptorQ}},
}

@techreport{ledbat,
  title = {Low extra delay background transport (LEDBAT)},
  author = {Shalunov, Stanislav and Hazel, Greg and Iyengar, Janardhan and
    Kuehlewind, Mirja},
  year={2012}
}

@misc{mahimahi,
  title = "Mahimahi",
  note  = {\url{http://mahimahi.mit.edu}},
}

@misc{openrq,
  title = "OpenRQ: an open-source RaptorQ implementation",
  note = {\url{http://openrq-team.github.io/openrq}},
}

@article{raptorq,
  title={Raptor forward error correction scheme for object delivery},
  author={Shokollahi, Amin and Luby, Michael and Watson, Mark and Stockhammer,
    Thomas},
  year={2007}
}
